<?xml version="1.0" encoding="UTF-8"?><record xmlns="http://www.loc.gov/MARC21/slim" xmlns:cinclude="http://apache.org/cocoon/include/1.0" xmlns:zs="http://www.loc.gov/zing/srw/">
  <leader>00434cz  a2200121n  4500</leader>
  <controlfield tag="001">n 2005020794</controlfield>
  <controlfield tag="003">DLC</controlfield>
  <controlfield tag="005">20050322094817.0</controlfield>
  <controlfield tag="008">050322n| acannaabn          |n aaa      </controlfield>
  <datafield tag="010" ind1=" " ind2=" ">
    <subfield code="a">n 2005020794</subfield>
  </datafield>
  <datafield tag="040" ind1=" " ind2=" ">
    <subfield code="a">DLC</subfield>
    <subfield code="b">eng</subfield>
    <subfield code="c">DLC</subfield>
  </datafield>
  <datafield tag="100" ind1="1" ind2=" ">
    <subfield code="a">Gould, David</subfield>
    <subfield code="q">(David S.)</subfield>
  </datafield>
  <datafield tag="670" ind1=" " ind2=" ">
    <subfield code="a">Wachtler, Sol. Blood brothers, c2003:</subfield>
    <subfield code="b">t.p. (David Gould) jkt. flap (David S. Gould; former U.S. Attorney for the Eastern District of New York; now in private practice)</subfield>
  </datafield>
</record>